
@INPROCEEDINGS{tabletop, 
author={H. Kato and M. Billinghurst and I. Poupyrev and K. Imamoto and K. Tachibana}, 
booktitle={Proceedings IEEE and ACM International Symposium on Augmented Reality (ISAR 2000)}, 
title={Virtual object manipulation on a table-top AR environment}, 
year={2000}, 
volume={}, 
number={}, 
pages={111-119}, 
keywords={augmented reality;computer vision;image registration;user interfaces;camera viewpoint;computer vision;face to face collaboration;image registration;table-top augmented reality interface;user interface;user tracking;virtual object manipulation;vision-based tracking;Augmented reality;Buildings;Collaboration;Collaborative work;Computer vision;Displays;Laboratories;Prototypes;Robustness;User interfaces}, 
doi={10.1109/ISAR.2000.880934}, 
ISSN={}, 
month={},}

@INPROCEEDINGS{introphysics, 
author={C. Chae and K. Ko}, 
booktitle={2008 International Symposium on Ubiquitous Virtual Reality}, 
title={Introduction of Physics Simulation in Augmented Reality}, 
year={2008}, 
volume={}, 
number={}, 
pages={37-40}, 
keywords={augmented reality;physics computing;3D computer graphics;OpenSceneGraph;Physics simulation;augmented reality;open dynamics engine library;software library;virtual object;virtual reality;Augmented reality;Computational modeling;Computer graphics;Computer simulation;Engines;Equations;Gravity;Physics computing;Software libraries;Virtual reality;Augmented Reality;ODE;OSG;Physics Simulation;Transformation}, 
doi={10.1109/ISUVR.2008.17}, 
ISSN={}, 
month={July},}

@INPROCEEDINGS{gestureinteraction, 
author={A. Messaci and N. Zenati and A. Bellarbi and M. Belhocine}, 
booktitle={2015 4th International Conference on Electrical Engineering (ICEE)}, 
title={3D interaction techniques using gestures recognition in virtual environment}, 
year={2015}, 
volume={}, 
number={}, 
pages={1-5}, 
keywords={augmented reality;computer vision;gesture recognition;3D interaction techniques;AR;VR;augmented environment;augmented reality;selection-manipulation technique;user interaction task;virtual environment;virtual reality;vision based hand gesture recognition;Cameras;Games;Gesture recognition;Solid modeling;Three-dimensional displays;Virtual environments;3D interaction;Virtual reality;augmented reality;gesture recognition}, 
doi={10.1109/INTEE.2015.7416813}, 
ISSN={}, 
month={Dec},}

@ARTICLE{sitemonitoring, 
author={S. Zollmann and C. Hoppe and S. Kluckner and C. Poglitsch and H. Bischof and G. Reitmayr}, 
journal={Proceedings of the IEEE}, 
title={Augmented Reality for Construction Site Monitoring and Documentation}, 
year={2014}, 
volume={102}, 
number={2}, 
pages={137-154}, 
keywords={augmented reality;civil engineering computing;construction industry;data visualisation;information management;AR;AR overlay;aerial 3D reconstruction;augmented reality;civil engineering;construction industry;construction site documentation;construction site monitoring;construction site progress;information mapping;information progress access;information search;mobile AR client;on-site visualization;Augmented reality;Cameras;Civil engineering;Construction industry;Data visualization;Image reconstruction;Mobile communication;Three dimensional displays;Aerial 3-D reconstruction;augmented reality (AR);civil engineering;visualization}, 
doi={10.1109/JPROC.2013.2294314}, 
ISSN={0018-9219}, 
month={Feb},}

@INPROCEEDINGS{researchar, 
author={J. He and P. Han and H. Liu and S. Men and L. Ju and P. Zhen and T. Wang}, 
booktitle={2017 IEEE 2nd Information Technology, Networking, Electronic and Automation Control Conference (ITNEC)}, 
title={The research and application of the augmented reality technology}, 
year={2017}, 
volume={}, 
number={}, 
pages={496-501}, 
keywords={augmented reality;computer based training;military computing;military equipment;AR system;VR;augmented reality technology;computer 3D processing capacity;equipment support;hardware architecture;low-cost sensors;military system;software architecture;training simulation;virtual reality;Augmented reality;Cameras;Hardware;Human computer interaction;Real-time systems;Three-dimensional displays;augmented reality;system architecture;technology application}, 
doi={10.1109/ITNEC.2017.8284781}, 
ISSN={}, 
month={Dec},}